@misc { referencia1,
		author = "Autor da referência 1.",
		title = "Título da referência 1",
		edition = "Terceira edição",
		year = 2007
}

@misc { referencia2,
	author = "",
	title = "Google",
	howpublished = "\url{http://www.google.com.br/}",
	year = "Acesso em: 04 de dezembro de 2014"
}

